@MastersThesis{Sirucek:Pravidla_ceske_digitani_typografie,
key = {0},
author = {Michal SIRŮČEK},
title = {Pravidla {české} {digitální} typografie},
school = {{Vysoká} {škola} {ekonomická} v~Praze, Fakulta informatiky a statistiky},
year = {2006},
address = {Praha}
}

@Book{Helmut_Daly:Guide_to_Latex,
key = {1},
author = "Helmut KOPKA and Patrick W. Daly",
title = "Guide to LATEX",
address = "Boston",
publisher = "Addison-Wesley",
year = {2004},
edition = {4},
isbn = {0-321-17385-6},
}

@Book{Rybicka:Latex_pro_zacatecniky,
key = {2},
author = {Jiří RYBIČKA},
title = {\LaTeX pro začátečníky},
publisher = {Konvoj},
address = {Brno},
year = {2003},
edition = {3},
isbn = {80-7302-049-1}
}

@Article{Mathematical_expressions,		
key = {3},
author = {},
journal = {Mathematical expressions\,--\,ShareLaTeX, Online LaTeX Editor},
url = {https://www.sharelatex.com/learn/Mathematical_expressions},
note = {[online]. 2016 [cit. 2016-04-07]}
}

@Article{Wikibooks,
key = {4},
author = {},
journal = {\LaTeX/Mathematics\,--\,Wikibooks, open books for an open world},
url = {https://en.wikibooks.org/wiki/LaTeX/Mathematics},
note = {[online]. 2016 [cit. 2016-04-07]}
}

@Article{Sopuch:LaTeX_v_kostce,
key = {5},
author = {Pavel SOPUCH},
journal = {\LaTeX v kostce\,--\,matematika},
url = {http://www.it.cas.cz/manual/latex/j.html},
note = {[online]. 2001 [cit. 2016-04-07]}
}

@Article{Horak:Sazba_matematiky,
key = {6},
author = {Karel HORÁK},
title = {Sazba matematiky v~českých textech},
journal = {Zpravodaj Československého sdružení uživatelů \TeX u},
year = {2001},
number = {1--3},
volume = {11},
pages = {138--150},
issn = {1211-6661}
}

@MastersThesis{Kubova:Kontrola_typografie,
key = {7},
author = {Marcela KUBOVÁ},
title = {Kontrola typografie v~Adobe InDesign},
school = {Zapádočeská univerzita v~Plzni, Fakulta aplikovaných věd},
year = {2011},
address = {Plzeň}
}

@Article{Olsak:Zpravodaj,
key = {8},
author = {Petr OLŠÁK},
title = {\TeX pro pragmatiky},
journal = {Zpravodaj Československého sdružení uživatelů \TeX u},
year = {2014},
number = {1--4},
volume = {24},
issn = {1211-6661}
}

@Article{Vaclavikova:Zpravodaj,
key = {9},
author = {Zuzana VÁCLAVÍKOVÁ},
title = {Současný stav psaní dokumentů mezi učiteli na základních a středních školách},
journal = {Zpravodaj Československého sdružení uživatelů \TeX u},
year = {2013},
number = {3--4},
volume = {23},
pages = {53--62},
issn = {1211-6661}
}
